@inproceedings{rasch1960,
  title={Probabilistic models for some intelligence and attainment tests.},
  author={Rasch, G.},
  booktitle={Paedagogike Institut, Copenhagen.},
  year={1960}
}

@inproceedings{pavlik2009performance,
  title={{Performance Factors Analysis--A New Alternative to Knowledge Tracing}},
  author={Pavlik, P.I. and Cen, H. and Koedinger, K.R.},
  booktitle={{Proceeding of the 2009 conference on Artificial Intelligence in Education: Building Learning Systems that Care: From Knowledge Representation to Affective Modelling}},
  pages={531--538},
  year={2009}
}

@article{pavlik2008using,
  title={Using Item-type Performance Covariance to Improve the Skill Model of an Existing Tutor},
  author={Pavlik Jr, Philip I and Cen, Hao and Wu, Lili and Koedinger, Kenneth R},
  journal={Educational Data Mining 2008},
  pages={77}
}

@inproceedings{vuong2011method,
  title={A Method for Finding Prerequisites Within a Curriculum.},
  author={Vuong, Annalies and Nixon, Tristan and Towle, Brendon},
  booktitle={EDM},
  pages={211--216},
  year={2011}
}


@article{corbett1994knowledge,
year={1995},
issn={0924-1868},
journal={User Modeling and User-Adapted Interaction},
volume={4},
number={4},
doi={10.1007/BF01099821},
title={Knowledge tracing: Modeling the acquisition of procedural knowledge},
url={http://dx.doi.org/10.1007/BF01099821},
publisher={Kluwer Academic Publishers},
keywords={Student modeling; learning; empirical validity; procedural knowledge; intelligent tutoring systems; mastery learning; individual differences},
author={Corbett, AlbertT. and Anderson, JohnR.},
pages={253-278},
language={English}
}


@inproceedings{fast2014,
   Author = {Gonz\'{a}lez-Brenes, J. P. and Huang, Y. and Brusilovsky, P.},
  year={2014},
  title={{General Features in Knowledge Tracing: Applications to Multiple Subskills,
Temporal Item Response Theory, and Expert Knowledge}},
  booktitle={{Proceedings of the 7th International Conference on Educational Data Mining}},
  address={London, UK} 
}



@article{tatsuoka1983rule,
title={Rule space: An approach for dealing with misconceptions based on item response theory},
author={Tatsuoka, Kikumi K},
journal={Journal of educational measurement},
volume={20},
number={4},
pages={345--354},
year={1983},
publisher={Wiley Online Library}
}



@inproceedings{jp_aistats_2015,
title={{Modeling Skill Acquisition Over Time with Sequence and Topic Modeling}},
author={Gonz{\'a}lez-Brenes, Jos{\'e} P.},
booktitle={Proceedings of the 18th International Conference on Artificial Intelligence and Statistics},
pages={296--305},
year={2015},
}


@article{bloom1968learning,
title={Learning for Mastery},
  author={Bloom, Benjamin S},
  journal={Evaluation Comment},
  volume={1},
  number={2},
  pages={1--12},
  year={1968},
  publisher={ERIC}
}

@article{koedinger2010knowledge,
title={The knowledge-learning-instruction (KLI) framework: Toward bridging the science-practice chasm to enhance robust student learning},
author={Koedinger, Kenneth R and Corbett, Albert T and Perfetti, Charles},
journal={Cognitive Science},
year={2010}
}

@inproceedings{brunskill2010estimating,
  title={Estimating prerequisite structure from noisy data},
  author={Brunskill, Emma},
  booktitle={Educational Data Mining 2011},
  year={2010}
}

@inproceedings{scheines2014discovering,
  title={Discovering prerequisite relationships among knowledge components},
  author={Scheines, Richard and Silver, Elizabeth and Goldin, Ilya},
  booktitle={Educational Data Mining 2014},
  year={2014}
}

@INPROCEEDINGS{chen2015discovering,
  author = {Chen, Yang and Wuillemin, Pierre-Henri and Labat, Jean-Marc},
  title = {{D}iscovering {P}rerequisite {S}tructure of {S}kills through {P}robabilistic {A}ssociation {R}ules {M}ining},
  booktitle = {{P}roceedings of the 8th {I}nternational {C}onference on {E}ducational {D}ata {M}ining},
  year = {2015},
  pages = {117-124},
  location = {Madrid, Spain}
}

@article{cooper1992bayesian,
  title={A {Bayesian} method for the induction of probabilistic networks from data},
  author={Cooper, Gregory F and Herskovits, Edward},
  journal={Machine learning},
  volume={9},
  number={4},
  pages={309--347},
  year={1992},
  publisher={Springer}
}

@techreport{heckerman1997bayesian,
  title={A {Bayesian} approach to causal discovery},
  author={Heckerman, David and Meek, Christopher and Cooper, Gregory},
  year={1997},
  institution={MSR-TR-97-05, Microsoft Research}

@inproceedings{friedman1997learning,
  title={Learning belief networks in the presence of missing values and hidden variables},
  author={Friedman, Nir},
  booktitle={ICML},
  volume={97},
  pages={125--133},
  year={1997}
}


@inproceedings{elidan2005learning,
  title={Learning hidden variable networks: The information bottleneck approach},
  author={Elidan, Gal and Friedman, Nir},
  booktitle={Journal of Machine Learning Research},
  pages={81--127},
  year={2005}
}

@inproceedings{friedman1998bayesian,
  title={The {Bayesian} structural {E}{M} algorithm},
  author={Friedman, Nir},
  booktitle={Proceedings of the Fourteenth conference on Uncertainty in artificial intelligence},
  pages={129--138},
  year={1998}
}

@inproceedings{thiesson1997score,
  title={Score and information for recursive exponential models with incomplete data},
  author={Thiesson, Bo},
  booktitle={Proceedings of the Thirteenth conference on Uncertainty in artificial intelligence},
  pages={453--463},
  year={1997},
  organization={Morgan Kaufmann Publishers Inc.}
}

@article{meila2001learning,
  title={Learning with mixtures of trees},
  author={Meila, Marina and Jordan, Michael I},
  journal={The Journal of Machine Learning Research},
  volume={1},
  pages={1--48},
  year={2001},
  publisher={JMLR. org}
}

@inproceedings{lazic2013structural,
  title={Structural Expectation Propagation (SEP): {Bayesian} structure learning for networks with latent variables},
  author={Lazic, Nevena and Bishop, Christopher and Winn, John},
  booktitle={Proceedings of the Sixteenth International Conference on Artificial Intelligence and Statistics},
  pages={379--387},
  year={2013}
}

@article{pellet2008using,
  title={Using Markov blankets for causal structure learning},
  author={Pellet, Jean-Philippe and Elisseeff, Andr{\'e}},
  journal={The Journal of Machine Learning Research},
  volume={9},
  pages={1295--1342},
  year={2008},
  publisher={JMLR. org}
}

@article{mourad2013survey,
  title={A Survey on Latent Tree Models and Applications.},
  author={Mourad, Rapha{\"e}l and Sinoquet, Christine and Zhang, Nevin Lianwen and Liu, Tengfei and Leray, Philippe and others},
  journal={J. Artif. Intell. Res.(JAIR)},
  volume={47},
  pages={157--203},
  year={2013}
}

@inproceedings{verma1990equivalence,
title={Equivalence and synthesis of causal models},
author={Verma, Thomas and Pearl, Judea},
booktitle={Proceedings of the Sixth Annual Conference on Uncertainty in Artificial Intelligence},
pages={255--270},
year={1990}
}

@book{koller2009probabilistic,
  title={Probabilistic graphical models: principles and techniques},
  author={Koller, Daphne and Friedman, Nir},
  year={2009},
  publisher={MIT press}
}

@book{pearl2000causality,
  title={Causality: models, reasoning and inference},
  author={Pearl, Judea},
  volume={29},
  year={2000},
  publisher={Cambridge Univ Press}
}

@book{spirtes2001causation,
  title={Causation, prediction, and search},
  author={Spirtes, Peter and Glymour, Clark and Scheines, Richard},
  year={2001},
  publisher={MIT Press}
}

@book{almond2015bayesian,
  title={Bayesian networks in educational assessment},
  author={Almond, Russell G and Mislevy, Robert J and Steinberg, Linda and Yan, Duanli and Williamson, David},
  year={2015},
  publisher={Springer}
}

@article{lam1994learning,
  title={Learning Bayesian belief networks: An approach based on the MDL principle},
  author={Lam, Wai and Bacchus, Fahiem},
  journal={Computational intelligence},
  volume={10},
  number={3},
  pages={269--293},
  year={1994},
  publisher={Wiley Online Library}
}

@article{piech2015deep,
  title={Deep Knowledge Tracing},
  author={Piech, Chris and Spencer, Jonathan and Huang, Jonathan and Ganguli, Surya and Sahami, Mehran and Guibas, Leonidas and Sohl-Dickstein, Jascha},
  journal={arXiv preprint arXiv:1506.05908},
  year={2015}
}

@article{desmarais2006learned,
  title={Learned student models with item to item knowledge structures},
  author={Desmarais, Michel C and Meshkinfam, Peyman and Gagnon, Michel},
  journal={User Modeling and User-Adapted Interaction},
  volume={16},
  number={5},
  pages={403--434},
  year={2006},
  publisher={Springer}
}

@inproceedings{vuong2010method,
  title={A method for finding prerequisites within a curriculum},
  author={Vuong, Annalies and Nixon, Tristan and Towle, Brendon},
  booktitle={Educational Data Mining 2011},
  year={2010}
}

@Misc{Friedmanlibb,
howpublished = {\url{http://compbio.cs.huji.ac.il/LibB/programs.html}},
title = {LibB: A package for inference, estimation and learning of Bayesian networks. },
note = {Accessed Aug, 2015},
author = {Friedman, Nir and Elidan Gal}
}

@inproceedings{leopard_edm,
title={Your model is predictive--- but is it useful? Theoretical and Empirical Considerations of a New  Paradigm for Adaptive Tutoring Evaluation},
author={  Gonz\'{a}lez-Brenes, Jos\'{e} P. and Huang, Yun},
year={2015},
booktitle={Proceedings of the 8th International Conference on Educational Data Mining},
slides={http://www.cs.cmu.edu/~joseg/files/leopard_talk.pdf},
code={https://github.com/ml-smores/leopard}
}

@misc{samurai,
title={Refining  Skill Acquisition Models Using Assessment Insights},
author={Gonz{\'a}lez-Brenes, Jos{\'e} P. and McTavish, Tom},
year = {unpublished}
}

@inproceedings{kaser2014beyond,
  title={Beyond knowledge tracing: Modeling skill topologies with bayesian networks},
  author={K{\"a}ser, Tanja and Klingler, Severin and Schwing, Alexander Gerhard and Gross, Markus},
  booktitle={Intelligent Tutoring Systems},
  pages={188--198},
  year={2014},
  organization={Springer}
}

@article{templin2014hierarchical,
  title={Hierarchical diagnostic classification models: A family of models for estimating and testing attribute hierarchies},
  author={Templin, Jonathan and Bradshaw, Laine},
  journal={Psychometrika},
  volume={79},
  number={2},
  pages={317--339},
  year={2014},
  publisher={Springer}
}

@inproceedings{chen2014finding,
  title={Finding the k-best Equivalence Classes of Bayesian Network Structures for Model Averaging.},
  author={Chen, Yetian and Tian, Jin},
  booktitle={AAAI},
  pages={2431--2438},
  year={2014}
}

@inproceedings{botelho2015prediction,
  title={The prediction of student first response using prerequisite skills},
  author={Botelho, Anthony and Wan, Hao and Heffernan, Neil},
  booktitle={Proceedings of the Second (2015) ACM Conference on Learning@ Scale},
  pages={39--45},
  year={2015},
  organization={ACM}
}

@techreport{mislevy2000bayes,
  title={Bayes Nets in Educational Assessment: Where do the Numbers Come From, CRESST/Educational Testing Service},
  author={Mislevy, RJ and Almond, RG and Yan, D and Steinberg, LS},
  year={2000},
  institution={CSE Technical Reports 518}
}

@book{pearl1988probabilistic,
  title={Probabilistic reasoning in intelligent systems: networks of plausible inference},
  author={Pearl, Judea},
  year={1988},
  publisher={Morgan Kaufmann}
}

@article{vanlehn1988student,
  title={Student modeling},
  author={VanLehn, Kurt},
  journal={Foundations of intelligent tutoring systems},
  volume={55},
  pages={78},
  year={1988}
}